@article{SILBERMAN_2021, title={Developing access to confidential data in France: results and new challenges }, volume={11}, url={https://journalprivacyconfidentiality.org/index.php/jpc/article/view/788}, DOI={10.29012/jpc.788}, abstractNote={&amp;lt;div&amp;gt;&amp;lt;span lang=&amp;quot;EN-US&amp;quot;&amp;gt;Over the past twenty years, in various countries, secure access to data for the members of the research community was eased in a significant manner. Such data involve microdata and granular data from administrative records and detailed individual surveys. While some difficulties remain, the scene has been extensively redesigned, and new players emerged on both sides of the fence: data holders and users, both challenging what seemed to be well-established boundaries. &amp;lt;/span&amp;gt;&amp;lt;span lang=&amp;quot;EN-US&amp;quot;&amp;gt;In the French case, access to confidential data for research purposes has been carefully facilitated. The paper analyses the French developments and current achievements, providing insights into how obstacles can be overcome and newly emerging issues&amp;lt;/span&amp;gt;&amp;lt;/div&amp;gt;}, number={2}, journal={Journal of Privacy and Confidentiality}, author={SILBERMAN, Roxane}, year={2021}, month={Sep.} }